<?xml version="1.0" encoding="UTF-8"?><collection xmlns="http://www.loc.gov/MARC21/slim"><record><leader>00475nam--2200181-i-4500</leader><controlfield tag="001">000019002</controlfield><controlfield tag="002">20161230</controlfield><controlfield tag="005">20161230201033</controlfield><controlfield tag="008">060222s1000------------r-----000-0-eng-d</controlfield><datafield ind1=" " ind2=" " tag="040"><subfield code="a">IFIN-HH</subfield></datafield><datafield ind1=" " ind2=" " tag="080"><subfield code="a">532.584</subfield></datafield><datafield ind1="1" ind2=" " tag="100"><subfield code="a">Fortier, A</subfield></datafield><datafield ind1="1" ind2="0" tag="245"><subfield code="a">Mecanisme des suspensions</subfield><subfield code="c">A. fortier</subfield></datafield><datafield ind1=" " ind2=" " tag="260"><subfield code="a">Paris, Masson Et C-ie, 1967</subfield></datafield><datafield ind1=" " ind2=" " tag="300"><subfield code="a">176 P</subfield></datafield><datafield ind1=" " ind2=" " tag="490"><subfield code="a">Monographies De Mecanique Des Fluideset Thermique</subfield></datafield><datafield ind1=" " ind2=" " tag="852"><subfield code="a">27329</subfield><subfield code="c">532</subfield></datafield><datafield ind1=" " ind2=" " tag="CAT"><subfield code="a">Sys</subfield><subfield code="c">20100714</subfield><subfield code="h">100134</subfield></datafield></record></collection>